<?xml version="1.0" encoding="UTF-8"?><collection xmlns="http://www.loc.gov/MARC21/slim"><record><leader>00406nam--2200157-i-4500</leader><controlfield tag="001">000039944</controlfield><controlfield tag="002">20161230</controlfield><controlfield tag="005">20161230201042</controlfield><controlfield tag="008">060222s1000------------r-----000-0-eng-d</controlfield><datafield ind1=" " ind2=" " tag="080"><subfield code="a">514.742.4:514.743.4(075.8)</subfield></datafield><datafield ind1=" " ind2=" " tag="100"><subfield code="a">Sabac,I.Gh</subfield></datafield><datafield ind1=" " ind2=" " tag="245"><subfield code="a">Mathematici speciale</subfield></datafield><datafield ind1=" " ind2=" " tag="260"><subfield code="a">Bucuresti, Ed.Didactica Si Pedagogica, 1965. 344 P</subfield></datafield><datafield ind1=" " ind2=" " tag="490"><subfield code="a">vol. I</subfield></datafield><datafield ind1=" " ind2=" " tag="852"><subfield code="a">22136</subfield></datafield><datafield ind1=" " ind2=" " tag="CAT"><subfield code="a">Sys</subfield><subfield code="c">20080407</subfield><subfield code="h">131306</subfield></datafield></record></collection>